<record><leader>00000cas a22000007a 4500</leader><controlfield tag="001">20360113</controlfield><controlfield tag="008">890918d18681869nyudr ne      0    0eng d</controlfield><datafield ind1=" " ind2=" " tag="010"><subfield code="a">sn 89071396 </subfield></datafield><datafield ind1=" " ind2=" " tag="040"><subfield code="a">NYG</subfield><subfield code="b">eng</subfield><subfield code="c">NYG</subfield><subfield code="d">NYS</subfield><subfield code="d">OCLCQ</subfield></datafield><datafield ind1=" " ind2=" " tag="042"><subfield code="a">msc</subfield></datafield><datafield ind1="0" ind2=" " tag="130"><subfield code="a">Newburgh daily press (Newburgh, N.Y. : 1868)</subfield></datafield><datafield ind1="1" ind2="0" tag="245"><subfield code="a">Newburgh daily press.</subfield></datafield><datafield ind1=" " ind2=" " tag="260"><subfield code="a">Newburgh, N.Y. :</subfield><subfield code="b">A.A. Bensel,</subfield><subfield code="c">-1869.</subfield></datafield><datafield ind1=" " ind2=" " tag="300"><subfield code="a">v.</subfield></datafield><datafield ind1=" " ind2=" " tag="310"><subfield code="a">Daily</subfield></datafield><datafield ind1="1" ind2=" " tag="362"><subfield code="a">Began in 1868?</subfield></datafield><datafield ind1="0" ind2=" " tag="362"><subfield code="a">-May 1, 1869.</subfield></datafield><datafield ind1=" " ind2=" " tag="500"><subfield code="a">Publisher: McNally &amp; Ruttenber, &lt;Apr. 7, 1869&gt;-</subfield></datafield><datafield ind1=" " ind2=" " tag="588"><subfield code="a">Description based on: Vol. 1, no. 30 (June 15, 1868).</subfield></datafield><datafield ind1=" " ind2="4" tag="651"><subfield code="a">Newburgh (N.Y.)</subfield><subfield code="v">Newspapers.</subfield></datafield><datafield ind1=" " ind2=" " tag="752"><subfield code="a">United States</subfield><subfield code="b">New York</subfield><subfield code="c">Orange</subfield><subfield code="d">Newburgh.</subfield></datafield><datafield ind1="0" ind2=" " tag="775"><subfield code="t">Newburgh weekly press</subfield><subfield code="w">(DLC)sn 83031446</subfield><subfield code="w">(OCoLC)9849914</subfield></datafield><datafield ind1="0" ind2="0" tag="780"><subfield code="t">City press (Newburgh, N.Y.)</subfield><subfield code="w">(DLC)sn 91066650</subfield><subfield code="w">(OCoLC)24146507</subfield></datafield><datafield ind1="0" ind2="0" tag="785"><subfield code="t">Newburgh daily telegraph (Newburgh, N.Y. : 1869)</subfield><subfield code="w">(DLC)sn 91066935</subfield><subfield code="w">(OCoLC)24364876</subfield></datafield></record>